@online{WoSA2023,
  author = {{Wines of South Africa (WoSA)}},
  title = {South {A}frican {W}ine {H}arvest {R}eport 2023},
  year = {2023},
  date = {2023-05-25},
  url = {https://www.wosa.co.za/The-Industry/Vintage-Reports/South-African-Wine-Harvest-Report-2023/},
  urldate = {2025-06-13},
  organization = {Wines of South Africa},
  note = {[Online; accessed 13 June 2025]}
}


